@inproceedings{SentiWordNet,
	title={SentiWordNet 3.0: An Enhanced Lexical Resource for Sentiment Analysis and Opinion Mining.},
	author={Baccianella, Stefano and Esuli, Andrea and Sebastiani, Fabrizio},
	booktitle={LREC},
	volume={10},
	pages={2200--2204},
	year={2010}
}
@inproceedings{145Q,
	title={Analyze this! 145 questions for data scientists in software engineering},
	author={Begel, Andrew and Zimmermann, Thomas},
	booktitle={Proceedings of the 36th International Conference on Software Engineering},
	pages={12--23},
	year={2014},
	organization={ACM}
}

@article{LDA,
	title={Latent dirichlet allocation},
	author={Blei, David M and Ng, Andrew Y and Jordan, Michael I},
	journal={Journal of machine Learning research},
	volume={3},
	number={Jan},
	pages={993--1022},
	year={2003}
}

@mastersthesis{featurethaiwordseg,
	title={Feature-based Thai Word Segmentation},
	author={Charoenpornsawat, Paisarn},
	school={Computer Engineering, Master. Chulalongkorn University, Bangkok},
	year={1999}
}

@inproceedings{ar-miner,
	title={AR-miner: mining informative reviews for developers from mobile app marketplace},
	author={Chen, Ning and Lin, Jialiu and Hoi, Steven CH and Xiao, Xiaokui and Zhang, Boshen},
	booktitle={Proceedings of the 36th International Conference on Software Engineering},
	pages={767--778},
	year={2014},
	organization={ACM}
}

@article{basicemotion,
	title={An argument for basic emotions},
	author={Ekman, Paul},
	journal={Cognition \& emotion},
	volume={6},
	number={3-4},
	pages={169--200},
	year={1992},
	publisher={Taylor \& Francis}
}

@inproceedings{userslikefeature,
	title={How do users like this feature? a fine grained sentiment analysis of app reviews},
	author={Guzman, Emitza and Maalej, Walid},
	booktitle={Requirements Engineering Conference (RE), 2014 IEEE 22nd International},
	pages={153--162},
	year={2014},
	organization={IEEE}
}

@inproceedings{thaiopinionmininghotel,
	title={Constructing thai opinion mining resource: A case study on hotel reviews},
	author={Haruechaiyasak, Choochart and Kongthon, Alisa and Palingoon, Pornpimon and Sangkeettrakarn, Chatchawal},
	booktitle={8th Workshop on Asian Language Resources},
	pages={64--71},
	year={2010}
}

@inproceedings{ssense,
	title={S-Sense: a sentiment analysis framework for social media sensing},
	author={Haruechaiyasak, Choochart and Kongthon, Alisa and Palingoon, Pornpimon and Trakultaweekoon, Kanokorn},
	booktitle={Sixth International Joint Conference on Natural Language Processing},
	pages={6},
	year={2013}
}

@inproceedings{emotioninthai,
	title={Applying latent semantic analysis to classify emotions in Thai text},
	author={Inrak, Piyatida and Sinthupinyo, Sukree},
	booktitle={Computer Engineering and Technology (ICCET), 2010 2nd International Conference on},
	volume={6},
	pages={V6--450},
	year={2010},
	organization={IEEE}
}

@inproceedings{paragraphextract,
	title={A practical text summarizer by paragraph extraction for Thai},
	author={Jaruskulchai, Chuleerat and Kruengkrai, Canasai},
	booktitle={Proceedings of the sixth international workshop on Information retrieval with Asian languages-Volume 11},
	pages={9--16},
	year={2003},
	organization={Association for Computational Linguistics}
}

@inproceedings{asum,
	title={Aspect and sentiment unification model for online review analysis},
	author={Jo, Yohan and Oh, Alice H},
	booktitle={Proceedings of the fourth ACM international conference on Web search and data mining},
	pages={815--824},
	year={2011},
	organization={ACM}
}

@article{thaiwordfilter,
	title={A Statistical Approach to Thai Word Filtering},
	author={Asanee, Kawtrakul and Chalathip, THUMKANON and Sapon, Seriburi},
	year={1995},
	publisher={Citeseer}
}

@incollection{surveyopinionmining,
	title={A survey of opinion mining and sentiment analysis},
	author={Liu, Bing and Zhang, Lei},
	booktitle={Mining text data},
	pages={415--463},
	year={2012},
	publisher={Springer}
}

@online{cosinesimilarity,
	author = {Manning, Christopher D. and Raghaven, Prabhakar and Schutze, Hinrich},
	title = {An Introduction to Information Retrieval},
	year = 2009,
	url = {http://nlp.stanford.edu/IR-book/pdf/irbookonlinereading.pdf},
	urldate = {2015-07-27},
	publisher= {Cambridge University Press}
}

@online{LexTo,
	author = {{National Electronics and Computer Technology Center}},
	title= {{LexTo} : Text Lexeme Tokenizer},
	url = {http://www.sansarn.com/lexto},
	urldate={2015-07-27},
	publisher= {National Electronics and Computer Technology Center}
}

@online{LEXiTRON,
	author= {{National Electronics and Computer Technology Center}},
	title= {{LEXiTRON}},
	url = {http://lexitron.nectec.or.th/2009_1},
	urldate= {2015-7-27}
}

@InProceedings{RDRPOSTagger,
	author    = {Nguyen, Dat Quoc  and  Nguyen, Dai Quoc  and  Pham, Dang Duc  and  Pham, Son Bao},
	title     = {RDRPOSTagger: A Ripple Down Rules-based Part-Of-Speech Tagger},
	booktitle = {Proceedings of the Demonstrations at the 14th Conference of the European Chapter of the Association for Computational Linguistics},
	month     = {April},
	year      = {2014},
	address   = {Gothenburg, Sweden},
	publisher = {Association for Computational Linguistics},
	pages     = {17--20},
	url       = {http://www.aclweb.org/anthology/E14-2005}
}
@article{EMNB,
	title={Text classification from labeled and unlabeled documents using EM},
	author={Nigam, Kamal and McCallum, Andrew Kachites and Thrun, Sebastian and Mitchell, Tom},
	journal={Machine learning},
	volume={39},
	number={2-3},
	pages={103--134},
	year={2000},
	publisher={Springer}
}

@online{NLTK,
	author= {{NLTK Project}},
	title= {Natural Language Toolkit},
	year= {2015},
	url= {http://www.nltk.org},
	urldate= {},
	publisher= {NLTK Project}
}

@InProceedings{syllableseparator,
	author= {Poovarawan, Yuen and Imarrom, Wiwat },
	title= {Thai Syllable Separator by Dictionary},
	booktitle= {Proceedings of the 9th Annual Meeting on Electrical Engineering of the Thai Universities},
	month= {December},
	year= {1986},
	address= {Khonkaen, Thailand},
	pages= {14}
}

@article{wordsegforthai,
	title={Word segmentation for Thai in machine translation system},
	author={Sornlertlamvanich, Virach},
	journal={Machine Translation, National Electronics and Computer Technology Center, Bangkok},
	pages={50--56},
	year={1993}
}


@article{ORCHID,
	title={ORCHID: Thai part-of-speech tagged corpus},
	author={Sornlertlamvanich, Virach and Charoenporn, Thatsanee and Isahara, Hitoshi},
	journal={National Electronics and Computer Technology Center Technical Report},
	pages={5--19},
	year={1997}
}

@article{SentiStrength,
	title={Sentiment strength detection in short informal text},
	author={Thelwall, Mike and Buckley, Kevan and Paltoglou, Georgios and Cai, Di and Kappas, Arvid},
	journal={Journal of the American Society for Information Science and Technology},
	volume={61},
	number={12},
	pages={2544--2558},
	year={2010},
	publisher={Wiley Online Library}
}

@inproceedings{NAiST,
	title={Building an Annotated Corpus for Text Summarization and Question Answering.},
	author={Varasai, Patcharee and Pechsiri, Chaveevan and Sukvaree, Thana and Satayamas, Vee and Kawtrakul, Asanee},
	booktitle={LREC},
	year={2008}
}

@inproceedings{keywordmining,
	title={Mining user opinions in mobile app reviews: A keyword-based approach (t)},
	author={Vu, Phong Minh and Nguyen, Tam The and Pham, Hung Viet and Nguyen, Tung Thanh},
	booktitle={Automated Software Engineering (ASE), 2015 30th IEEE/ACM International Conference on},
	pages={749--759},
	year={2015},
	organization={IEEE}
}
